<record><leader>00000cas a2200000 a 4500</leader><controlfield tag="001">12566075</controlfield><controlfield tag="008">850917d19752014oruwr ne      0   a0eng  </controlfield><datafield ind1=" " ind2=" " tag="010"><subfield code="a">sn 85042482 </subfield></datafield><datafield ind1=" " ind2=" " tag="040"><subfield code="a">DLC</subfield><subfield code="b">eng</subfield><subfield code="c">DLC</subfield><subfield code="d">CUS</subfield><subfield code="d">OCL</subfield><subfield code="d">DLC</subfield><subfield code="d">NSD</subfield><subfield code="d">WAU</subfield><subfield code="d">DLC</subfield><subfield code="d">OCLCQ</subfield><subfield code="d">OCLCO</subfield><subfield code="d">OCLCQ</subfield><subfield code="d">ORU</subfield><subfield code="d">OCLCF</subfield><subfield code="d">WAU</subfield><subfield code="d">OCL</subfield><subfield code="d">OCLCO</subfield><subfield code="d">DLC</subfield></datafield><datafield ind1=" " ind2=" " tag="012"><subfield code="l">1</subfield></datafield><datafield ind1="0" ind2=" " tag="022"><subfield code="a">1543-6357</subfield><subfield code="l">1543-6357</subfield><subfield code="2">1</subfield></datafield><datafield ind1=" " ind2=" " tag="037"><subfield code="b">415 N. Killingsworth St, P.O. Box 5455, Portland, OR 97228</subfield></datafield><datafield ind1=" " ind2=" " tag="042"><subfield code="a">pcc</subfield><subfield code="a">nsdp</subfield></datafield><datafield ind1=" " ind2=" " tag="043"><subfield code="a">n-us-or</subfield></datafield><datafield ind1="0" ind2="0" tag="050"><subfield code="a">Newspaper</subfield></datafield><datafield ind1="1" ind2="0" tag="082"><subfield code="a">050</subfield><subfield code="2">13</subfield></datafield><datafield ind1="0" ind2=" " tag="130"><subfield code="a">Skanner (Portland, Or.)</subfield></datafield><datafield ind1="0" ind2=" " tag="210"><subfield code="a">Skanner</subfield><subfield code="b">(Portland Or.)</subfield></datafield><datafield ind1=" " ind2="0" tag="222"><subfield code="a">Skanner</subfield><subfield code="b">(Portland, Or.)</subfield></datafield><datafield ind1="1" ind2="4" tag="245"><subfield code="a">The skanner.</subfield></datafield><datafield ind1="1" ind2="7" tag="246"><subfield code="a">Portland skanner</subfield><subfield code="f">&lt;Nov. 29, 1995-&gt;</subfield></datafield><datafield ind1=" " ind2=" " tag="260"><subfield code="a">Portland, Or. :</subfield><subfield code="b">IMM Publications,</subfield><subfield code="c">1975-</subfield></datafield><datafield ind1=" " ind2=" " tag="300"><subfield code="a">v.</subfield></datafield><datafield ind1=" " ind2=" " tag="310"><subfield code="a">Weekly</subfield></datafield><datafield ind1="0" ind2=" " tag="362"><subfield code="a">Vol. 1, no. 1 (Oct. 9. 1975)-</subfield></datafield><datafield ind1=" " ind2=" " tag="385"><subfield code="n">eth</subfield><subfield code="a">African Americans</subfield><subfield code="2">lcsh</subfield></datafield><datafield ind1=" " ind2=" " tag="385"><subfield code="n">nat</subfield><subfield code="a">Americans</subfield><subfield code="2">lcsh</subfield></datafield><datafield ind1=" " ind2=" " tag="386"><subfield code="n">eth</subfield><subfield code="a">African Americans</subfield><subfield code="2">lcsh</subfield></datafield><datafield ind1=" " ind2=" " tag="386"><subfield code="n">nat</subfield><subfield code="a">Americans</subfield><subfield code="2">lcsh</subfield></datafield><datafield ind1=" " ind2=" " tag="530"><subfield code="a">Also issued on microfilm from University of Oregon Newspaper Microfilming Project, and the Library of Congress, Photo duplication Service.</subfield></datafield><datafield ind1=" " ind2=" " tag="530"><subfield code="a">Ceased in print in 2014; continued online.</subfield></datafield><datafield ind1=" " ind2=" " tag="588"><subfield code="a">Latest issue consulted: Vol. 26, no. 8 (Nov. 29, 2000).</subfield></datafield><datafield ind1=" " ind2="0" tag="650"><subfield code="a">African Americans</subfield><subfield code="z">Oregon</subfield><subfield code="z">Portland</subfield><subfield code="v">Newspapers.</subfield></datafield><datafield ind1=" " ind2="0" tag="651"><subfield code="a">Portland (Or.)</subfield><subfield code="v">Newspapers.</subfield></datafield><datafield ind1=" " ind2="0" tag="651"><subfield code="a">Multnomah County (Or.)</subfield><subfield code="v">Newspapers.</subfield></datafield><datafield ind1=" " ind2="7" tag="650"><subfield code="a">African Americans.</subfield><subfield code="2">fast</subfield><subfield code="0">(OCoLC)fst00799558</subfield></datafield><datafield ind1=" " ind2="7" tag="651"><subfield code="a">Oregon</subfield><subfield code="z">Multnomah County.</subfield><subfield code="2">fast</subfield><subfield code="0">(OCoLC)fst01216118</subfield></datafield><datafield ind1=" " ind2="7" tag="651"><subfield code="a">Oregon</subfield><subfield code="z">Portland.</subfield><subfield code="2">fast</subfield><subfield code="0">(OCoLC)fst01204325</subfield></datafield><datafield ind1=" " ind2="7" tag="655"><subfield code="a">African American newspapers</subfield><subfield code="z">Oregon.</subfield><subfield code="2">ngl</subfield></datafield><datafield ind1=" " ind2="7" tag="655"><subfield code="a">Newspapers.</subfield><subfield code="2">fast</subfield><subfield code="0">(OCoLC)fst01423814</subfield></datafield><datafield ind1=" " ind2=" " tag="752"><subfield code="a">United States</subfield><subfield code="b">Oregon</subfield><subfield code="c">Multnomah</subfield><subfield code="d">Portland.</subfield></datafield><datafield ind1="4" ind2="1" tag="856"><subfield code="u">http://www.theskanner.com</subfield></datafield><datafield ind1="4" ind2="1" tag="856"><subfield code="u">http://now.dirxion.com/The_Skanner/now.asp</subfield><subfield code="z">Newspaper Online Warehouse Archive</subfield></datafield><datafield ind1="1" ind2=" " tag="029"><subfield code="a">AU@</subfield><subfield code="b">000021432000</subfield></datafield></record>